@misc{CMUSlides,
  url = {"https://www.cs.cmu.edu/~ckingsf/bioinfo-lectures/kdtrees.pdf"},
  author       = {CMSC 420},
  howpublished = {},
  title        = {},
  year         = {}
}

@inproceedings{sklearn_api,
  author    = {Lars Buitinck and Gilles Louppe and Mathieu Blondel and
               Fabian Pedregosa and Andreas Mueller and Olivier Grisel and
               Vlad Niculae and Peter Prettenhofer and Alexandre Gramfort
               and Jaques Grobler and Robert Layton and Jake VanderPlas and
               Arnaud Joly and Brian Holt and Ga{\"{e}}l Varoquaux},
  title     = {{API} design for machine learning software: experiences from the scikit-learn
               project},
  booktitle = {ECML PKDD Workshop: Languages for Data Mining and Machine Learning},
  year      = {2013},
  pages     = {108--122},
  url       = {"https://scikit-learn.org/stable/modules/neighbors.html"}
}
