@techreport{StoppingCriteria,
  author      = {The MathWorks Inc.},
  institution = {},
  title       = {How the Genetic Algorithm Works},
  year        = {2024},
  url         = {https://www.mathworks.com/help/gads/how-the-genetic-algorithm-works.html#f6243}
}
@misc{towardsdatascienceVehicleRouting,
	author = {Bruno Scalia C. F. Leite},
	title = {{T}he {V}ehicle {R}outing {P}roblem: {E}xact and {H}euristic {S}olutions --- towardsdatascience.com},
	howpublished = {\url{https://towardsdatascience.com/the-vehicle-routing-problem-exact-and-heuristic-solutions-c411c0f4d734}},
	year = {},
	note = {[Accessed 06-02-2024]},
}